<record><leader>00000cas a2200000 a 4500</leader><controlfield tag="001">16392535</controlfield><controlfield tag="008">870805d18591861nyudr ne      0    0eng c</controlfield><datafield ind1=" " ind2=" " tag="010"><subfield code="a">sn 87070122 </subfield></datafield><datafield ind1=" " ind2=" " tag="040"><subfield code="a">NYS</subfield><subfield code="b">eng</subfield><subfield code="c">NYS</subfield><subfield code="d">MGN</subfield><subfield code="d">NYG</subfield><subfield code="d">NVF</subfield><subfield code="d">OCL</subfield><subfield code="d">OCLCQ</subfield><subfield code="d">OCLCF</subfield><subfield code="d">OCLCO</subfield></datafield><datafield ind1="1" ind2=" " tag="029"><subfield code="a">AU@</subfield><subfield code="b">000005535913</subfield></datafield><datafield ind1=" " ind2=" " tag="042"><subfield code="a">pcc</subfield></datafield><datafield ind1=" " ind2=" " tag="043"><subfield code="a">n-us-ny</subfield></datafield><datafield ind1="0" ind2="0" tag="245"><subfield code="a">Troy daily arena.</subfield></datafield><datafield ind1=" " ind2=" " tag="260"><subfield code="a">Troy, N.Y. :</subfield><subfield code="b">MacArthur &amp; Fonda</subfield></datafield><datafield ind1=" " ind2=" " tag="300"><subfield code="a">v.</subfield></datafield><datafield ind1=" " ind2=" " tag="310"><subfield code="a">Daily</subfield></datafield><datafield ind1="0" ind2=" " tag="362"><subfield code="a">Vol. 1, no. 1 (Oct. 18, 1859)-v. 2, no. 153 (Apr. 29, 1861).</subfield></datafield><datafield ind1=" " ind2=" " tag="500"><subfield code="a">Publishers: MacArthur &amp; Fonda, 1859-Feb. 1, 1861; A.A. Fisk, Feb. 4-Apr. 29, 1861.</subfield></datafield><datafield ind1=" " ind2=" " tag="580"><subfield code="a">Weekly ed.: Troy weekly arena, &lt;1861&gt;.</subfield></datafield><datafield ind1=" " ind2="0" tag="651"><subfield code="a">Troy (N.Y.)</subfield><subfield code="v">Newspapers.</subfield></datafield><datafield ind1=" " ind2="7" tag="655"><subfield code="a">Newspapers.</subfield><subfield code="2">fast</subfield><subfield code="0">(OCoLC)fst01423814</subfield></datafield><datafield ind1=" " ind2="7" tag="651"><subfield code="a">New York (State)</subfield><subfield code="z">Troy.</subfield><subfield code="2">fast</subfield><subfield code="0">(OCoLC)fst01202806</subfield></datafield><datafield ind1=" " ind2=" " tag="752"><subfield code="a">United States</subfield><subfield code="b">New York</subfield><subfield code="c">Rensselaer</subfield><subfield code="d">Troy.</subfield></datafield><datafield ind1="1" ind2=" " tag="775"><subfield code="t">Troy weekly arena</subfield><subfield code="w">(DLC)sn 94057586</subfield></datafield></record>